@article{ref:rof-inpaint-chan-shen, 
title={Mathematical Models for Local Nontexture Inpaintings},
volume={62},
DOI={10.1137/s0036139900368844},
number={3},
journal={SIAM Journal on Applied Mathematics},
author={Shen, Jianhong and Chan, Tony F.}
year={2002},
pages={1019–1043}}

@article{ref:ROF-template,
title={Nonlinear total variation based noise removal algorithms},
volume={60},
DOI={10.1016/0167-2789(92)90242-f},
number={1-4},
journal={Physica D: Nonlinear Phenomena},
author={Rudin, Leonid I. and Osher, Stanley and Fatemi, Emad},
year={1992},
pages={259–268}}

@article{ref:FixpointSolver,
title={Iterative Methods for Total Variation Denoising},
volume={17},
DOI={10.1137/0917016},
number={1},
journal={SIAM Journal on Scientific Computing},
author={Vogel, C. R. and Oman, M. E.},
year={1996}, pages={227–238}}

@article{ref:splitbergman-inpaint,
title={The Split Bregman Method for L1-Regularized Problems},
volume={2},
DOI={10.1137/080725891},
number={2},
journal={SIAM Journal on Imaging Sciences},
author={Goldstein, Tom and Osher, Stanley},
year={2009},
pages={323–343}}

@article{ref:image-pyramid,
title={Pyramid methods in image processing},
journal={RCA Eng.},
author={E.H. Andelson and C.H. Anderson and J.R. Bergen and P.J. Burt and J.M. Ogden,
year={1983},
pages={29}}

@book{ref:PSNR,
place={London},
title={Data compression: the complete reference},
publisher={Springer},
author={Salomon, D.},
year={2007}}

@article{ref:SSIM,
title={Image Quality Assessment: From Error Visibility to Structural Similarity},
volume={13},
DOI={10.1109/tip.2003.819861},
number={4},
journal={IEEE Transactions on Image Processing},
author={Wang, Z. and Bovik, A.c. and Sheikh, H.r. and Simoncelli, E.p.},
year={2004},
pages={600–612}}



